<record><leader>00000cas a22000007a 4500</leader><controlfield tag="001">30326587</controlfield><controlfield tag="008">940425d189u1uuunmuwr ne      0    0spa d</controlfield><datafield ind1=" " ind2=" " tag="010"><subfield code="a">sn 94056853 </subfield></datafield><datafield ind1=" " ind2=" " tag="040"><subfield code="a">NVM</subfield><subfield code="b">eng</subfield><subfield code="c">NVM</subfield><subfield code="d">OCLCQ</subfield><subfield code="d">OCLCF</subfield><subfield code="d">OCLCO</subfield></datafield><datafield ind1="1" ind2=" " tag="029"><subfield code="a">AU@</subfield><subfield code="b">000025897671</subfield></datafield><datafield ind1="0" ind2=" " tag="041"><subfield code="a">spaeng</subfield></datafield><datafield ind1=" " ind2=" " tag="042"><subfield code="a">msc</subfield></datafield><datafield ind1=" " ind2=" " tag="043"><subfield code="a">n-us-nm</subfield></datafield><datafield ind1="0" ind2=" " tag="130"><subfield code="a">Monitor (Taos, N.M.)</subfield></datafield><datafield ind1="1" ind2="3" tag="245"><subfield code="a">El monitor.</subfield></datafield><datafield ind1=" " ind2=" " tag="260"><subfield code="a">Taos, N.M. :</subfield><subfield code="b">J.M. Marti&#769;nez</subfield></datafield><datafield ind1=" " ind2=" " tag="300"><subfield code="a">v.</subfield></datafield><datafield ind1="1" ind2=" " tag="362"><subfield code="a">Began in 1895?</subfield></datafield><datafield ind1=" " ind2=" " tag="546"><subfield code="a">In Spanish and English.</subfield></datafield><datafield ind1=" " ind2=" " tag="588"><subfield code="a">Description based on: T. 1, nu&#769;m. 22 (21 de set. de 1895).</subfield></datafield><datafield ind1=" " ind2="0" tag="650"><subfield code="a">Hispanic Americans</subfield><subfield code="z">New Mexico</subfield><subfield code="v">Newspapers.</subfield></datafield><datafield ind1=" " ind2="0" tag="651"><subfield code="a">Taos (N.M.)</subfield><subfield code="v">Newspapers.</subfield></datafield><datafield ind1=" " ind2="0" tag="651"><subfield code="a">Taos County (N.M.)</subfield><subfield code="v">Newspapers.</subfield></datafield><datafield ind1=" " ind2="7" tag="655"><subfield code="a">Newspapers.</subfield><subfield code="2">fast</subfield><subfield code="0">(OCoLC)fst01423814</subfield></datafield><datafield ind1=" " ind2="7" tag="650"><subfield code="a">Hispanic Americans.</subfield><subfield code="2">fast</subfield><subfield code="0">(OCoLC)fst00957523</subfield></datafield><datafield ind1=" " ind2="7" tag="651"><subfield code="a">New Mexico.</subfield><subfield code="2">fast</subfield><subfield code="0">(OCoLC)fst01204269</subfield></datafield><datafield ind1=" " ind2="7" tag="651"><subfield code="a">New Mexico</subfield><subfield code="z">Taos.</subfield><subfield code="2">fast</subfield><subfield code="0">(OCoLC)fst01208684</subfield></datafield><datafield ind1=" " ind2="7" tag="651"><subfield code="a">New Mexico</subfield><subfield code="z">Taos County.</subfield><subfield code="2">fast</subfield><subfield code="0">(OCoLC)fst01221052</subfield></datafield><datafield ind1=" " ind2=" " tag="752"><subfield code="a">United States</subfield><subfield code="b">New Mexico</subfield><subfield code="c">Taos</subfield><subfield code="d">Taos.</subfield></datafield></record>